@incollection{lazaric2012transfer,
  title={Transfer in reinforcement learning: a framework and a survey},
  author={Lazaric, Alessandro},
  booktitle={Reinforcement Learning},
  pages={143--173},
  year={2012},
  publisher={Springer}
}
@article{sutton1999between,
  title={Between MDPs and semi-MDPs: A framework for temporal abstraction in reinforcement learning},
  author={Sutton, Richard S and Precup, Doina and Singh, Satinder},
  journal={Artificial intelligence},
  volume={112},
  number={1-2},
  pages={181--211},
  year={1999},
  publisher={Elsevier}
}
@article{mcgovern2001automatic,
  title={Automatic discovery of subgoals in reinforcement learning using diverse density},
  author={McGovern, Amy and Barto, Andrew G},
  year={2001}
}
@inproceedings{menache2002q,
  title={Q-cutâ€”dynamic discovery of sub-goals in reinforcement learning},
  author={Menache, Ishai and Mannor, Shie and Shimkin, Nahum},
  booktitle={European Conference on Machine Learning},
  pages={295--306},
  year={2002},
  organization={Springer}
}
@inproceedings{sherstov2005improving,
  title={Improving action selection in MDP's via knowledge transfer},
  author={Sherstov, Alexander A and Stone, Peter},
  booktitle={AAAI},
  volume={5},
  pages={1024--1029},
  year={2005}
}
@article{mahadevan2007proto,
  title={Proto-value functions: A Laplacian framework for learning representation and control in Markov decision processes},
  author={Mahadevan, Sridhar and Maggioni, Mauro},
  journal={Journal of Machine Learning Research},
  volume={8},
  number={Oct},
  pages={2169--2231},
  year={2007}
}
@inproceedings{lazaric2008transfer,
  title={Transfer of samples in batch reinforcement learning},
  author={Lazaric, Alessandro and Restelli, Marcello and Bonarini, Andrea},
  booktitle={Proceedings of the 25th international conference on Machine learning},
  pages={544--551},
  year={2008},
  organization={ACM}
}